@article{inclogic,
  author    = {Peter W. O'Hearn},
  title     = {Incorrectness logic},
  journal   = {Proc. {ACM} Program. Lang.},
  volume    = {4},
  number    = {{POPL}},
  pages     = {10:1--10:32},
  year      = {2020},
  url       = {https://doi.org/10.1145/3371078},
  doi       = {10.1145/3371078},
  timestamp = {Wed, 17 Feb 2021 08:54:02 +0100},
  biburl    = {https://dblp.org/rec/journals/pacmpl/OHearn20.bib},
  bibsource = {dblp computer science bibliography, https://dblp.org}
}

@article{statrethink,
  author       = {Abhirup Mallik},
  title        = {Statistical Rethinking: {A} Bayesian Course with Examples in {R} and
                  Stan},
  journal      = {Technometrics},
  volume       = {63},
  number       = {3},
  pages        = {440--441},
  year         = {2021},
  url          = {https://doi.org/10.1080/00401706.2021.1945329},
  doi          = {10.1080/00401706.2021.1945329},
  timestamp    = {Fri, 20 Aug 2021 08:46:24 +0200},
  biburl       = {https://dblp.org/rec/journals/technometrics/Mallik21.bib},
  bibsource    = {dblp computer science bibliography, https://dblp.org}
}


@article{DBLP:journals/fac/0002HJK21,
  author       = {Milan Ceska and
                  Christian Hensel and
                  Sebastian Junges and
                  Joost{-}Pieter Katoen},
  title        = {Counterexample-guided inductive synthesis for probabilistic systems},
  journal      = {Formal Aspects Comput.},
  volume       = {33},
  number       = {4-5},
  pages        = {637--667},
  year         = {2021},
  url          = {https://doi.org/10.1007/s00165-021-00547-2},
  doi          = {10.1007/s00165-021-00547-2},
  timestamp    = {Tue, 21 Mar 2023 21:14:35 +0100},
  biburl       = {https://dblp.org/rec/journals/fac/0002HJK21.bib},
  bibsource    = {dblp computer science bibliography, https://dblp.org}
}


@article{DBLP:journals/pacmpl/SaadCSRM19,
  author       = {Feras A. Saad and
                  Marco F. Cusumano{-}Towner and
                  Ulrich Schaechtle and
                  Martin C. Rinard and
                  Vikash K. Mansinghka},
  title        = {Bayesian synthesis of probabilistic programs for automatic data modeling},
  journal      = {Proc. {ACM} Program. Lang.},
  volume       = {3},
  number       = {{POPL}},
  pages        = {37:1--37:32},
  year         = {2019},
  url          = {https://doi.org/10.1145/3290350},
  doi          = {10.1145/3290350},
  timestamp    = {Wed, 17 Feb 2021 08:54:03 +0100},
  biburl       = {https://dblp.org/rec/journals/pacmpl/SaadCSRM19.bib},
  bibsource    = {dblp computer science bibliography, https://dblp.org}
}
@inproceedings{DBLP:conf/fm/CeskaHJK19,
  author       = {Milan Ceska and
                  Christian Hensel and
                  Sebastian Junges and
                  Joost{-}Pieter Katoen},
  editor       = {Maurice H. ter Beek and
                  Annabelle McIver and
                  Jos{\'{e}} N. Oliveira},
  title        = {Counterexample-Driven Synthesis for Probabilistic Program Sketches},
  booktitle    = {Formal Methods - The Next 30 Years - Third World Congress, {FM} 2019,
                  Porto, Portugal, October 7-11, 2019, Proceedings},
  series       = {Lecture Notes in Computer Science},
  volume       = {11800},
  pages        = {101--120},
  publisher    = {Springer},
  year         = {2019},
  url          = {https://doi.org/10.1007/978-3-030-30942-8\_8},
  doi          = {10.1007/978-3-030-30942-8\_8},
  timestamp    = {Thu, 14 Oct 2021 10:34:12 +0200},
  biburl       = {https://dblp.org/rec/conf/fm/CeskaHJK19.bib},
  bibsource    = {dblp computer science bibliography, https://dblp.org}
}
